@PREAMBLE{{\newcommand{\SortNoop}[1]{}}}

@misc{ Kinect::Adevine1618,
	author = "Andrew DeVine",
	title = "Kinect SDK/Unity 3D Interface Plugin",
	year = "2012",
	institution = " University of Central Florida ISUE Lab",
	url = "https://github.com/adevine1618/KinectSDK-Unity3D_Interface_Plugin"
}

@misc{ GitFlow::VincentDriessen,
	author = "Vincent Driessen",
	title = "Git Branching Model",
	year = "2010",
	url = "http://nvie.com/files/Git-branching-model.pdf"
}

@misc{ Bezier,
	author = "Friction Point Studios",
	title = "Bezier Waypoint Flythrough Script",
	year = "2009",
	url = "http://forum.unity3d.com/threads/29608-Flythrough-example-using-Bezier-s-and-waypoints"
}

@misc{ Lightning,
	author = "Ori Hanegby",
	title = "Electricity/Lightning Shader",
	year = "2012",
	url = "https://www.assetstore.unity3d.com/#/content/3003"
}

@misc{ FreeModels1,
	title = "Free 3D Models",
	url = "http://thefree3dmodels.com/"
}

@misc{ FreeModels2,
	title = "Archive 3D",
	url = "http://archive3d.net/"
}

@misc{ FreeModels3,
	title = "TurboSquid",
	url = "http://www.turbosquid.com/"
}
